@book{goll/dausmann,
  author       = {Goll, J and Dausmann, M.},
  title        = {Architektur- und Entwurfsmuter der Softwaretechnik},
  date         = 2013,
  publisher    = {Springer Vieweg},
  location     = {Wiesbaden},
  langid       = {german},
}

@book{sommerville,
  author       = {Sommerville, I.},
  title        = {Software Engineering},
  date         = 2011,
  publisher    = {Addison-Wesley},
  location     = {Boston},
  langid       = {english},
  edition	   = 9,
}

@book{erasmus,
  author       = {Erasmus, M.},
  title        = {CoffeeScript Programming with jQuery Rails and 						  Node.js},
  date         = 2012,
  publisher    = {Packt Publishig Ltd.},
  location     = {Birmingham},
  langid       = {english},
}

@book{voigt,
  author       = {Voigt, M. and Tennigkeit, S.},
  title        = {Ruby on Rails 3},
  date         = 2010,
  publisher    = {entwickler.press},
  location     = {Frankfurth am Main},
  langid       = {german},
}

@book{buschmann,
  author       = {Buschmann, F. and Meunier, R. and Rohnert, H. and Sommerlad, P. and Stal, M.},
  title        = {Pattern-orienterte Software-Architektur},
  date         = 1998,
  publisher    = {Addison-Wesley},
  location     = {Bonn},
  langid       = {german},
}

@book{govenor,
  author       = {Govenor, J. and Hinchcliffe, D. and Nickbull, D.},
  title        = {Web 2.0 Architectures},
  date         = 2009,
  publisher    = {O'Reilly},
  location     = {Sebastopol},
  langid       = {english},
}

@book{hanmer,
  author       = {Hanmer, R.},
  title        = {Pattern-Oriented Software Architecture for Dummies},
  date         = 2013,
  publisher    = {Wiley},
  location     = {Chichester},
  langid       = {english},
  edition 	   = 2,
}

@book{posch,
  author       = {Posch, T. and Briken, K. and Gerdom, M.},
  title        = {Basiswissen Softwarearchitektur},
  date         = 2011,
  publisher    = {dpunkt.verlag},
  location     = {Heidelberg},
  langid       = {deutsch},
  edition 	   = 3,
}

@book{ruby,
  author       = {Ruby, S. and Thomas, D. and Hansson, D. H.},
  title        = {Agile Web Development with Rails},
  date         = 2011,
  publisher    = {The Pragmatic Programmers},
  location     = {Heidelberg},
  langid       = {english},
  edition 	   = 4,
}

@book{fernandez,
  author       = {Fernandez, O.},
  title        = {The Rails 3 Way},
  date         = 2011,
  publisher    = {Addison-Wesley},
  location     = {Upper Saddle River},
  langid       = {english},
}

@book{gamble,
  author       = {Gamble, A. and Carneiro Jr, C. and Barazai, R. A.},
  title        = {Beginning Rails 4},
  date         = 2013,
  publisher    = {Apress},
  location     = {New York},
  langid       = {english},
  edition 	   = 3,
}


@ONLINE{morsy_a,
   author      = {Morsy, H. and Otto, T.},
   title       = {Steuerzentrale mit ActionController},
   year        = {2008},
   url         = {http://openbook.galileocomputing.de/ruby_on_rails/ruby_on_rails_09_001.htm},
   urldate     = {2014-04-26},
   note        = {Galileo <openbook>},
}

@ONLINE{morsy_b,
   author      = {Morsy, H. and Otto, T.},
   title       = {Templatesystem mit ActionView},
   year        = {2008},
   url         = {http://openbook.galileocomputing.de/ruby_on_rails/ruby_on_rails_08_001.htm#mjce2899a5d363f71f6f0d073c9f13d6b6},
   urldate     = {2014-04-26},
   note        = {Galileo <openbook>},
}



